<record><leader>00000cas a22000007a 4500</leader><controlfield tag="001">12028677</controlfield><controlfield tag="008">850513d18551859paudn ne      0    0eng d</controlfield><controlfield tag="009">5601</controlfield><datafield ind1=" " ind2=" " tag="010"><subfield code="a">sn 85054567 </subfield></datafield><datafield ind1=" " ind2=" " tag="040"><subfield code="a">NPH</subfield><subfield code="b">eng</subfield><subfield code="c">NPH</subfield><subfield code="d">DLC</subfield><subfield code="d">NPH</subfield><subfield code="d">OCLCQ</subfield><subfield code="d">UKMGB</subfield></datafield><datafield ind1="7" ind2=" " tag="016"><subfield code="a">015997385</subfield><subfield code="2">Uk</subfield></datafield><datafield ind1="1" ind2=" " tag="029"><subfield code="a">AU@</subfield><subfield code="b">000025798735</subfield></datafield><datafield ind1=" " ind2=" " tag="042"><subfield code="a">msc</subfield></datafield><datafield ind1="0" ind2="0" tag="050"><subfield code="a">Newspaper 9597</subfield></datafield><datafield ind1="0" ind2=" " tag="130"><subfield code="a">Pittsburgh morning post (Pittsburgh, Pa. : 1855)</subfield></datafield><datafield ind1="1" ind2="0" tag="245"><subfield code="a">Pittsburgh morning post.</subfield></datafield><datafield ind1="3" ind2="0" tag="246"><subfield code="a">Pittsburgh post</subfield></datafield><datafield ind1="1" ind2="3" tag="246"><subfield code="a">Daily post</subfield></datafield><datafield ind1=" " ind2=" " tag="260"><subfield code="a">Pittsburgh [Pa.] :</subfield><subfield code="b">Gillmore &amp; Montgomery,</subfield><subfield code="c">1855-</subfield></datafield><datafield ind1=" " ind2=" " tag="300"><subfield code="a">4 v. :</subfield><subfield code="b">ill. ;</subfield><subfield code="c">65 cm.</subfield></datafield><datafield ind1=" " ind2=" " tag="310"><subfield code="a">Daily (except Sun.)</subfield></datafield><datafield ind1="0" ind2=" " tag="362"><subfield code="a">Vol. 14, no. 49 (Nov. 26, 1855)-v. 17, no. 110 (Feb. 19, 1859).</subfield></datafield><datafield ind1=" " ind2=" " tag="500"><subfield code="a">Publishers: Gillmore &amp; Montgomery, Nov. 26, 1855-Apr. 27, 1857; James P. Barr, Apr. 28, 1857-1859.</subfield></datafield><datafield ind1=" " ind2=" " tag="752"><subfield code="a">United States</subfield><subfield code="b">Pennsylvania</subfield><subfield code="c">Allegheny</subfield><subfield code="d">Pittsburgh.</subfield></datafield><datafield ind1="0" ind2=" " tag="775"><subfield code="t">Saturday morning post</subfield><subfield code="w">(DLC)sn 84026247</subfield></datafield><datafield ind1="0" ind2="0" tag="780"><subfield code="t">Daily morning post (Pittsburgh, Pa. : 1846)</subfield><subfield code="w">(DLC)sn 84026248</subfield></datafield><datafield ind1="0" ind2="0" tag="785"><subfield code="t">Pittsburgh post (Pittsburgh, Pa. : 1859)</subfield><subfield code="w">(DLC)sn 85054562</subfield></datafield></record>